<?xml version="1.0" encoding="UTF-8"?><collection xmlns="http://www.loc.gov/MARC21/slim"><record><leader>00636nam--2200181-i-4500</leader><controlfield tag="001">000040528</controlfield><controlfield tag="002">20161230</controlfield><controlfield tag="005">20161230201042</controlfield><controlfield tag="008">060222s1000------------r-----000-0-eng-d</controlfield><datafield ind1=" " ind2=" " tag="040"><subfield code="a">IFIN-HH</subfield></datafield><datafield ind1=" " ind2=" " tag="080"><subfield code="a">535.33:537.531</subfield></datafield><datafield ind1="1" ind2=" " tag="100"><subfield code="a">Ashby, W.D</subfield></datafield><datafield ind1="1" ind2=" " tag="245"><subfield code="a">Developments in applied spectroscopy</subfield><subfield code="b">Volume 1. proceedings of the twelfth annual symposium on spectroscopy held in chicago, illinois, may 15-18, 1961</subfield><subfield code="c">W.D. ASHBY (Ed.)</subfield></datafield><datafield ind1=" " ind2=" " tag="260"><subfield code="a">New York</subfield><subfield code="b">Plenum Press</subfield><subfield code="c">1962</subfield></datafield><datafield ind1=" " ind2=" " tag="300"><subfield code="a">260p</subfield></datafield><datafield ind1=" " ind2=" " tag="490"><subfield code="a">A Publication Of The Society Of Applied Spectroscopy, Chicago Section</subfield></datafield><datafield ind1=" " ind2=" " tag="852"><subfield code="a">10645</subfield><subfield code="c">535.33</subfield></datafield><datafield ind1=" " ind2=" " tag="CAT"><subfield code="a">Sys</subfield><subfield code="c">20101202</subfield><subfield code="h">110331</subfield></datafield></record></collection>